@article{naserifar2017polarizable,
  title={Polarizable charge equilibration model for predicting accurate electrostatic interactions in molecules and solids},
  author={Naserifar, Saber and Brooks, Daniel J and Goddard III, William A and Cvicek, Vaclav},
  journal={The Journal of chemical physics},
  volume={146},
  number={12},
  pages={124117},
  year={2017},
  publisher={AIP Publishing LLC}
}
@article{van2001reaxff,
  title={ReaxFF: a reactive force field for hydrocarbons},
  author={Van Duin, Adri CT and Dasgupta, Siddharth and Lorant, Francois and Goddard, William A},
  journal={The Journal of Physical Chemistry A},
  volume={105},
  number={41},
  pages={9396--9409},
  year={2001},
  publisher={ACS Publications}
}
@misc{Turito_2023, title={Bond energy - definition, factors, importance: Turito}, url={https://www.turito.com/blog/chemistry/bond-energy}, journal={Turito Blog}, author={Turito}, year={2023}, month={Apr}} 