@article{maeda2014rhodium,
  title={Rhodium-doped barium titanate perovskite as a stable p-type semiconductor photocatalyst for hydrogen evolution under visible light},
  author={Maeda, Kazuhiko},
  journal={ACS applied materials \& interfaces},
  volume={6},
  number={3},
  pages={2167--2173},
  year={2014},
  publisher={ACS Publications}
}
@article{royer2014perovskites,
  title={Perovskites as substitutes of noble metals for heterogeneous catalysis: dream or reality},
  author={Royer, Sebastien and Duprez, Daniel and Can, Fabien and Courtois, Xavier and Batiot-Dupeyrat, Catherine and Laassiri, Said and Alamdari, Houshang},
  journal={Chemical reviews},
  volume={114},
  number={20},
  pages={10292--10368},
  year={2014},
  publisher={ACS Publications}
}
@article{assirey2019perovskite,
  title={Perovskite synthesis, properties and their related biochemical and industrial application},
  author={Assirey, Eman Abdul Rahman},
  journal={Saudi Pharmaceutical Journal},
  volume={27},
  number={6},
  pages={817--829},
  year={2019},
  publisher={Elsevier}
}