
@misc{noauthor_latest_nodate,
	title = {The {Latest} {IPCC} {Report}: {What} is it and why does it matter?},
	shorttitle = {The {Latest} {IPCC} {Report}},
	url = {https://www.nature.org/en-us/what-we-do/our-insights/perspectives/ipcc-report-climate-change/},
	abstract = {The UN Intergovernmental Panel on Climate Change (IPCC) released a new report detailing the latest effects of climate change. Here’s what the report means.},
	language = {en-US},
	urldate = {2023-07-30},
	journal = {The Nature Conservancy},
	file = {Snapshot:/Users/patrykkozlowski/Zotero/storage/536DPKNG/ipcc-report-climate-change.html:text/html},
}

@article{noauthor_fukushima_2023,
	chapter = {Asia},
	title = {Fukushima: {Anxiety} and anger over {Japan}'s nuclear waste water plan},
	shorttitle = {Fukushima},
	url = {https://www.bbc.com/news/world-asia-66106162},
	abstract = {Japan wants to release Fukushima's waste water into the ocean - and a lot of people are not happy.},
	language = {en-GB},
	urldate = {2023-07-30},
	journal = {BBC News},
	month = jul,
	year = {2023},
	file = {Snapshot:/Users/patrykkozlowski/Zotero/storage/MPDYN3HX/world-asia-66106162.html:text/html},
}

@misc{noauthor_iaea_2023,
	type = {Text},
	title = {{IAEA} {Finds} {Japan}’s {Plans} to {Release} {Treated} {Water} into the {Sea} at {Fukushima} {Consistent} with {International} {Safety} {Standards}},
	url = {https://www.iaea.org/newscenter/pressreleases/iaea-finds-japans-plans-to-release-treated-water-into-the-sea-at-fukushima-consistent-with-international-safety-standards},
	language = {en},
	urldate = {2023-07-30},
	month = jul,
	year = {2023},
	note = {Publisher: IAEA},
	file = {Snapshot:/Users/patrykkozlowski/Zotero/storage/57P4TDDF/iaea-finds-japans-plans-to-release-treated-water-into-the-sea-at-fukushima-consistent-with-inte.html:text/html},
}

@article{rascoe_what_2023,
	chapter = {Asia},
	title = {What to know about {Japan}'s plan to dump wastewater into the ocean},
	url = {https://www.npr.org/2023/07/09/1186674909/what-to-know-about-japans-plan-to-dump-waste-water-into-the-ocean},
	abstract = {NPR's Ayesha Rascoe asks University of Hawaii, Manoa, marine biologist Bob Richmond about Japan's plan to dump wastewater into the ocean from the damaged nuclear plant in Fukushima.},
	language = {en},
	urldate = {2023-07-30},
	journal = {NPR},
	author = {Rascoe, Ayesha},
	month = jul,
	year = {2023},
	file = {Snapshot:/Users/patrykkozlowski/Zotero/storage/8ST4HK2B/what-to-know-about-japans-plan-to-dump-waste-water-into-the-ocean.html:text/html},
}

@misc{noauthor_q_2021,
	title = {Q\&{A}: {Why} is {Germany} phasing out nuclear power - and why now?},
	shorttitle = {Q\&{A}},
	url = {https://www.cleanenergywire.org/news/qa-why-germany-phasing-out-nuclear-power-and-why-now},
	language = {en},
	urldate = {2023-07-30},
	journal = {Clean Energy Wire},
	month = dec,
	year = {2021},
	file = {Snapshot:/Users/patrykkozlowski/Zotero/storage/C4KXSSEE/qa-why-germany-phasing-out-nuclear-power-and-why-now.html:text/html},
}

@misc{cohen_greta_nodate,
	title = {Greta {Thunberg} {Has} {Embraced} {Nuclear} {Power}: {Will} {The} {Greens} {Follow}?},
	shorttitle = {Greta {Thunberg} {Has} {Embraced} {Nuclear} {Power}},
	url = {https://www.forbes.com/sites/arielcohen/2023/04/03/greta-thunberg-has-embraced-nuclear-power-will-the-greens-follow/},
	abstract = {With a disrupted long-term plan, the green movement has had to examine its own priorities and assumptions.},
	language = {en},
	urldate = {2023-07-30},
	journal = {Forbes},
	author = {Cohen, Ariel},
	note = {Section: Energy},
}

@misc{noauthor_why_2022,
	title = {Why is {Greta} arguing that {Germany} should keep its nuclear plants open?},
	url = {https://www.euronews.com/green/2022/10/12/greta-thunberg-on-nuclear-and-why-its-completely-insane-we-arent-talking-about-energy-savi},
	abstract = {The German government has re-activated several coal and oil power plants, despite warnings it could default on its climate goals.},
	language = {en},
	urldate = {2023-07-30},
	journal = {euronews},
	month = oct,
	year = {2022},
	file = {Snapshot:/Users/patrykkozlowski/Zotero/storage/3UEI5A8Q/greta-thunberg-on-nuclear-and-why-its-completely-insane-we-arent-talking-about-energy-savi.html:text/html},
}

@book{chomsky_climate_nodate,
	title = {Climate {Crisis} and the {Global} {Green} {New} {Deal}},
	author = {Chomsky, Noam and Pollin, Robert},
}

@misc{fennell_limn_2016,
	title = {Limn: {Are} {We} {All} {Flint}?},
	shorttitle = {Limn},
	url = {https://limn.it/articles/are-we-all-flint/},
	abstract = {Why is lead-contaminated water a matter of public concern but contaminated housing is not? Catherine Fennell explores infrastructure and the politics of solidarity.},
	language = {en-US},
	urldate = {2023-07-30},
	journal = {Limn},
	author = {Fennell, Catherine},
	month = jul,
	year = {2016},
	file = {Snapshot:/Users/patrykkozlowski/Zotero/storage/DNX7VP9R/are-we-all-flint.html:text/html},
}
