
@misc{yabi_climate_nodate,
	title = {Climate {Change} and {Vulnerability} in the {Middle} {East}},
	url = {https://carnegieendowment.org/2023/07/06/climate-change-and-vulnerability-in-middle-east-pub-90089},
	abstract = {Climate change in the Middle East will amplify preexisting vulnerabilities stemming from conflict, displacement, marginalization, and corruption, while also creating new risks. Governments in the region will need to adopt more inclusive reforms as part of their climate adaptation strategies.},
	language = {en},
	urldate = {2023-08-28},
	journal = {Carnegie Endowment for International Peace},
	author = {Yabi, Justin Dargin, Zainab Mehdi, Marwan Muasher, Maha Yahya, Issam Kayssi, Zaha Hassan, Madison Andrews, Mathew Madain, Mohammad Al-Mailam, Amr Hamzawy, Sarah Yerkes, Haley Clasen, Gilles, Frederic Wehrey},
	file = {Snapshot:/Users/patrykkozlowski/Zotero/storage/2QL7PBT5/climate-change-and-vulnerability-in-middle-east-pub-90089.html:text/html},
}
