
@article{amusia_density_2003,
	title = {Density {Functional} {Theory} versus the {Hartree}–{Fock} {Method}: {Comparative} {Assessment}},
	volume = {68},
	issn = {1402-4896},
	shorttitle = {Density {Functional} {Theory} versus the {Hartree}–{Fock} {Method}},
	url = {https://iopscience.iop.org/article/10.1238/Physica.Regular.068aC0133/meta},
	doi = {10.1238/Physica.Regular.068aC0133},
	abstract = {Density Functional Theory versus the Hartree–Fock Method: Comparative Assessment, M Ya Amusia, A Z Msezane, V R Shaginyan},
	language = {en},
	number = {6},
	urldate = {2024-05-31},
	journal = {Physica Scripta},
	author = {Amusia, M. Ya and Msezane, A. Z. and Shaginyan, V. R.},
	month = jan,
	year = {2003},
	note = {Publisher: IOP Publishing},
	pages = {C133},
	file = {Full Text PDF:/Users/patrykkozlowski/Zotero/storage/95LVWSL2/Amusia et al. - 2003 - Density Functional Theory versus the Hartree–Fock .pdf:application/pdf},
}
